
@article{rezende_variational_2015,
  title = {Variational {{Inference}} with {{Normalizing Flows}}},
  url = {http://arxiv.org/abs/1505.05770},
  timestamp = {2017-07-20T09:45:13Z},
  archivePrefix = {arXiv},
  eprinttype = {arxiv},
  eprint = {1505.05770},
  primaryClass = {cs, stat},
  author = {Rezende, Danilo Jimenez and Mohamed, Shakir},
  urldate = {2017-03-17},
  date = {2015-05-21},
  note = {00114},
  keywords = {Computer Science - Artificial Intelligence,Computer Science - Learning,Statistics - Computation,Statistics - Machine Learning,Statistics - Methodology},
  file = {Rezende_Mohamed_2015_Variational Inference with Normalizing Flows.pdf:/Users/migl/Library/Application Support/Zotero/Profiles/blsovwcl.default/zotero/storage/FKFWWEJ3/Rezende_Mohamed_2015_Variational Inference with Normalizing Flows.pdf:application/pdf},
  groups = {Variational Inference}
}

@article{henaff_model-based_2017-1,
  title = {Model-{{Based Planning}} in {{Discrete Action Spaces}}},
  url = {http://arxiv.org/abs/1705.07177},
  timestamp = {2017-11-03T08:22:52Z},
  archivePrefix = {arXiv},
  eprinttype = {arxiv},
  eprint = {1705.07177},
  primaryClass = {cs},
  author = {Henaff, Mikael and Whitney, William F. and LeCun, Yann},
  date = {2017-05-19},
  note = {00001},
  keywords = {Computer Science - Artificial Intelligence},
  file = {Henaff et al_2017_Model-Based Planning in Discrete Action Spaces.pdf:/Users/migl/Library/Application Support/Zotero/Profiles/blsovwcl.default/zotero/storage/M34EFZPH/Henaff et al_2017_Model-Based Planning in Discrete Action Spaces.pdf:application/pdf;arXiv.org Snapshot:/Users/migl/Library/Application Support/Zotero/Profiles/blsovwcl.default/zotero/storage/XVIW7MEC/1705.html:text/html},
  groups = {00\_toSortRelevant,00\_toSortRelevant}
}

@article{isola_image--image_2016,
  title = {Image-to-{{Image Translation}} with {{Conditional Adversarial Networks}}},
  url = {http://arxiv.org/abs/1611.07004},
  timestamp = {2017-11-03T08:23:08Z},
  archivePrefix = {arXiv},
  eprinttype = {arxiv},
  eprint = {1611.07004},
  primaryClass = {cs},
  author = {Isola, Phillip and Zhu, Jun-Yan and Zhou, Tinghui and Efros, Alexei A.},
  date = {2016-11-21},
  note = {00199},
  keywords = {Computer Science - Computer Vision and Pattern Recognition},
  file = {Isola et al_2016_Image-to-Image Translation with Conditional Adversarial Networks.pdf:/Users/migl/Library/Application Support/Zotero/Profiles/blsovwcl.default/zotero/storage/ZDQN8JVU/Isola et al_2016_Image-to-Image Translation with Conditional Adversarial Networks.pdf:application/pdf;arXiv.org Snapshot:/Users/migl/Library/Application Support/Zotero/Profiles/blsovwcl.default/zotero/storage/P5S7SKWT/1611.html:text/html},
  groups = {00\_toSortRelevant,00\_toSortRelevant}
}

@inproceedings{srivastava_first-order_2012,
  title = {First-Order Models for Pomdps},
  timestamp = {2017-11-03T08:23:25Z},
  booktitle = {{{UAI Workshop}} on {{Statistical Relational Artificial Intelligence}} ({{StarAI}})},
  author = {Srivastava, Siddharth and Russell, Stuart and Pfeffer, Avi and Analytics, Charles River},
  date = {2012},
  note = {00003},
  file = {Snapshot:/Users/migl/Library/Application Support/Zotero/Profiles/blsovwcl.default/zotero/storage/8ITQQRZM/Srivastava et al. - 2012 - First-order models for pomdps.pdf:application/pdf;Fulltext:/Users/migl/Library/Application Support/Zotero/Profiles/blsovwcl.default/zotero/storage/VDG4C3TU/Srivastava et al. - 2012 - First-order models for pomdps.pdf:application/pdf},
  groups = {00\_toSortRelevant,00\_toSortRelevant}
}

@inproceedings{salimans_markov_2015,
  title = {Markov Chain Monte Carlo and Variational Inference: {{Bridging}} the Gap},
  shorttitle = {Markov Chain Monte Carlo and Variational Inference},
  timestamp = {2017-11-03T08:35:51Z},
  booktitle = {Proceedings of the 32nd {{International Conference}} on {{Machine Learning}} ({{ICML}}-15)},
  author = {Salimans, Tim and Kingma, Diederik and Welling, Max},
  date = {2015},
  pages = {1218--1226},
  note = {00110},
  file = {Snapshot:/Users/migl/Library/Application Support/Zotero/Profiles/blsovwcl.default/zotero/storage/2S2WDAQW/Salimans et al. - 2015 - Markov chain monte carlo and variational inference.pdf:application/pdf;Salimans et al_2015_Markov chain monte carlo and variational inference.pdf:/Users/migl/Library/Application Support/Zotero/Profiles/blsovwcl.default/zotero/storage/I3PPVKWA/Salimans et al_2015_Markov chain monte carlo and variational inference.pdf:application/pdf},
  groups = {00\_toSortRelevant,00\_toSortRelevant}
}

@article{li_renyi_2016,
  title = {Rényi {{Divergence Variational Inference}}},
  volume = {1050},
  timestamp = {2017-11-03T08:56:10Z},
  journaltitle = {stat},
  author = {Li, Yingzhen and Turner, Richard E.},
  date = {2016},
  pages = {28},
  note = {00024},
  file = {Fulltext:/Users/migl/Library/Application Support/Zotero/Profiles/blsovwcl.default/zotero/storage/TX3R72ZA/Li and Turner - 2016 - Rényi Divergence Variational Inference.pdf:application/pdf;Snapshot:/Users/migl/Library/Application Support/Zotero/Profiles/blsovwcl.default/zotero/storage/VR8SXHT2/Li and Turner - 2016 - Rényi Divergence Variational Inference.pdf:application/pdf},
  groups = {00\_toSortRelevant,00\_toSortRelevant}
}

@inproceedings{mnih_variational_2016,
  title = {Variational {{Inference}} for {{Monte Carlo Objectives}}},
  url = {http://proceedings.mlr.press/v48/mnihb16.html},
  eventtitle = {International Conference on Machine Learning},
  timestamp = {2017-11-03T08:58:29Z},
  langid = {english},
  booktitle = {{{PMLR}}},
  author = {Mnih, Andriy and Rezende, Danilo},
  urldate = {2017-11-03},
  date = {2016-06-11},
  pages = {2188--2196},
  note = {00039},
  file = {Mnih_Rezende_2016_Variational Inference for Monte Carlo Objectives.pdf:/Users/migl/Library/Application Support/Zotero/Profiles/blsovwcl.default/zotero/storage/9ZPXI8EU/Mnih_Rezende_2016_Variational Inference for Monte Carlo Objectives.pdf:application/pdf;Snapshot:/Users/migl/Library/Application Support/Zotero/Profiles/blsovwcl.default/zotero/storage/23FQP93B/mnihb16.html:text/html},
  groups = {00\_toSortRelevant,00\_toSortRelevant}
}

@article{kingma_improving_2016-1,
  title = {Improving {{Variational Inference}} with {{Inverse Autoregressive Flow}}},
  url = {http://arxiv.org/abs/1606.04934},
  timestamp = {2017-11-03T09:04:40Z},
  archivePrefix = {arXiv},
  eprinttype = {arxiv},
  eprint = {1606.04934},
  primaryClass = {cs, stat},
  author = {Kingma, Diederik P. and Salimans, Tim and Jozefowicz, Rafal and Chen, Xi and Sutskever, Ilya and Welling, Max},
  date = {2016-06-15},
  note = {00066},
  keywords = {Computer Science - Learning,Statistics - Machine Learning},
  file = {Kingma et al_2016_Improving Variational Inference with Inverse Autoregressive Flow.pdf:/Users/migl/Library/Application Support/Zotero/Profiles/blsovwcl.default/zotero/storage/5HSDGUQ6/Kingma et al_2016_Improving Variational Inference with Inverse Autoregressive Flow.pdf:application/pdf;arXiv.org Snapshot:/Users/migl/Library/Application Support/Zotero/Profiles/blsovwcl.default/zotero/storage/7GF59DSH/1606.html:text/html},
  groups = {00\_toSortRelevant,00\_toSortRelevant}
}

@article{maaloe_auxiliary_2016,
  title = {Auxiliary {{Deep Generative Models}}},
  url = {http://arxiv.org/abs/1602.05473},
  timestamp = {2017-11-03T09:08:04Z},
  archivePrefix = {arXiv},
  eprinttype = {arxiv},
  eprint = {1602.05473},
  primaryClass = {cs, stat},
  author = {Maaløe, Lars and Sønderby, Casper Kaae and Sønderby, Søren Kaae and Winther, Ole},
  date = {2016-02-17},
  note = {00089},
  keywords = {Computer Science - Artificial Intelligence,Computer Science - Learning,Statistics - Machine Learning},
  file = {Maaløe et al_2016_Auxiliary Deep Generative Models.pdf:/Users/migl/Library/Application Support/Zotero/Profiles/blsovwcl.default/zotero/storage/ZFCIH2WN/Maaløe et al_2016_Auxiliary Deep Generative Models.pdf:application/pdf;arXiv.org Snapshot:/Users/migl/Library/Application Support/Zotero/Profiles/blsovwcl.default/zotero/storage/XV9MTABQ/1602.html:text/html},
  groups = {00\_toSortRelevant,00\_toSortRelevant}
}

@incollection{so_nderby_ladder_2016,
  title = {Ladder {{Variational Autoencoders}}},
  url = {http://papers.nips.cc/paper/6275-ladder-variational-autoencoders.pdf},
  timestamp = {2017-11-03T09:11:27Z},
  booktitle = {Advances in {{Neural Information Processing Systems}} 29},
  publisher = {{Curran Associates, Inc.}},
  author = {Sø nderby, Casper Kaae and Raiko, Tapani and Maalø e, Lars and Sø nderby, Sø ren Kaae and Winther, Ole},
  editor = {Lee, D. D. and Sugiyama, M. and Luxburg, U. V. and Guyon, I. and Garnett, R.},
  date = {2016},
  pages = {3738--3746},
  note = {00000},
  file = {Sø nderby et al_2016_Ladder Variational Autoencoders.pdf:/Users/migl/Library/Application Support/Zotero/Profiles/blsovwcl.default/zotero/storage/37WZD3M9/Sø nderby et al_2016_Ladder Variational Autoencoders.pdf:application/pdf;NIPS Snapshort:/Users/migl/Library/Application Support/Zotero/Profiles/blsovwcl.default/zotero/storage/43INRP2F/6275-ladder-variational-autoencoders.html:text/html},
  groups = {00\_toSortRelevant,00\_toSortRelevant}
}

@article{rolfe_discrete_2016,
  title = {Discrete {{Variational Autoencoders}}},
  url = {http://arxiv.org/abs/1609.02200},
  timestamp = {2017-11-03T09:12:26Z},
  archivePrefix = {arXiv},
  eprinttype = {arxiv},
  eprint = {1609.02200},
  primaryClass = {cs, stat},
  author = {Rolfe, Jason Tyler},
  date = {2016-09-07},
  note = {00009},
  keywords = {Computer Science - Learning,Statistics - Machine Learning},
  file = {Rolfe_2016_Discrete Variational Autoencoders.pdf:/Users/migl/Library/Application Support/Zotero/Profiles/blsovwcl.default/zotero/storage/JK9R98C9/Rolfe_2016_Discrete Variational Autoencoders.pdf:application/pdf;arXiv.org Snapshot:/Users/migl/Library/Application Support/Zotero/Profiles/blsovwcl.default/zotero/storage/3P9EPKBW/1609.html:text/html},
  groups = {00\_toSortRelevant,00\_toSortRelevant}
}

@article{makhzani_adversarial_2015,
  title = {Adversarial {{Autoencoders}}},
  url = {http://arxiv.org/abs/1511.05644},
  timestamp = {2017-11-03T09:16:15Z},
  archivePrefix = {arXiv},
  eprinttype = {arxiv},
  eprint = {1511.05644},
  primaryClass = {cs},
  author = {Makhzani, Alireza and Shlens, Jonathon and Jaitly, Navdeep and Goodfellow, Ian and Frey, Brendan},
  date = {2015-11-17},
  note = {00131},
  keywords = {Computer Science - Learning},
  file = {Makhzani et al_2015_Adversarial Autoencoders.pdf:/Users/migl/Library/Application Support/Zotero/Profiles/blsovwcl.default/zotero/storage/VHNU8BEZ/Makhzani et al_2015_Adversarial Autoencoders.pdf:application/pdf;arXiv.org Snapshot:/Users/migl/Library/Application Support/Zotero/Profiles/blsovwcl.default/zotero/storage/7VWX43BI/1511.html:text/html},
  groups = {00\_toSortRelevant,00\_toSortRelevant}
}

@article{tran_variational_2015,
  title = {The {{Variational Gaussian Process}}},
  url = {http://arxiv.org/abs/1511.06499},
  timestamp = {2017-11-03T09:49:24Z},
  archivePrefix = {arXiv},
  eprinttype = {arxiv},
  eprint = {1511.06499},
  primaryClass = {cs, stat},
  author = {Tran, Dustin and Ranganath, Rajesh and Blei, David M.},
  date = {2015-11-20},
  keywords = {Computer Science - Learning,Computer Science - Neural and Evolutionary Computing,Statistics - Computation,Statistics - Machine Learning},
  file = {Tran et al_2015_The Variational Gaussian Process.pdf:/Users/migl/Library/Application Support/Zotero/Profiles/blsovwcl.default/zotero/storage/HHFQP54S/Tran et al_2015_The Variational Gaussian Process.pdf:application/pdf;arXiv.org Snapshot:/Users/migl/Library/Application Support/Zotero/Profiles/blsovwcl.default/zotero/storage/I89ITN7H/1511.html:text/html},
  groups = {00\_toSortRelevant,00\_toSortRelevant}
}

@article{bornschein_reweighted_2014,
  title = {Reweighted {{Wake}}-{{Sleep}}},
  url = {http://arxiv.org/abs/1406.2751},
  timestamp = {2017-11-03T09:51:04Z},
  archivePrefix = {arXiv},
  eprinttype = {arxiv},
  eprint = {1406.2751},
  primaryClass = {cs},
  author = {Bornschein, Jörg and Bengio, Yoshua},
  date = {2014-06-10},
  keywords = {Computer Science - Learning},
  file = {Bornschein_Bengio_2014_Reweighted Wake-Sleep.pdf:/Users/migl/Library/Application Support/Zotero/Profiles/blsovwcl.default/zotero/storage/JB5PX838/Bornschein_Bengio_2014_Reweighted Wake-Sleep.pdf:application/pdf;arXiv.org Snapshot:/Users/migl/Library/Application Support/Zotero/Profiles/blsovwcl.default/zotero/storage/879N34U3/1406.html:text/html},
  groups = {00\_toSortRelevant,00\_toSortRelevant}
}

@article{bamler_perturbative_2017,
  title = {Perturbative {{Black Box Variational Inference}}},
  url = {http://arxiv.org/abs/1709.07433},
  timestamp = {2017-11-03T11:49:34Z},
  archivePrefix = {arXiv},
  eprinttype = {arxiv},
  eprint = {1709.07433},
  primaryClass = {cs, stat},
  author = {Bamler, Robert and Zhang, Cheng and Opper, Manfred and Mandt, Stephan},
  date = {2017-09-21},
  keywords = {Computer Science - Learning,Statistics - Machine Learning},
  file = {Bamler et al_2017_Perturbative Black Box Variational Inference.pdf:/Users/migl/Library/Application Support/Zotero/Profiles/blsovwcl.default/zotero/storage/NC5Q8GMN/Bamler et al_2017_Perturbative Black Box Variational Inference.pdf:application/pdf;arXiv.org Snapshot:/Users/migl/Library/Application Support/Zotero/Profiles/blsovwcl.default/zotero/storage/KCA9X3CB/1709.html:text/html},
  groups = {00\_toSortRelevant,00\_toSortRelevant}
}


