% !tex root=main.tex

@article{bamler2017perturbative,
  title={Perturbative Black Box Variational Inference},
  author={Bamler, Robert and Zhang, Cheng and Opper, Manfred and Mandt, Stephan},
  journal={arXiv preprint arXiv:1709.07433},
  year={2017}
}

@article{andrieu2010particle,
  title={Particle {M}arkov chain {M}onte {C}arlo methods},
  author={Andrieu, Christophe and Doucet, Arnaud and Holenstein, Roman},
  journal={{Journal of the Royal Statistical Society: Series B (Statistical Methodology)}},
  volume={72},
  number={3},
  pages={269--342},
  year={2010},
  publisher={Wiley Online Library}
}

@inproceedings{chung2015recurrent,
  title={A recurrent latent variable model for sequential data},
  author={Chung, Junyoung and Kastner, Kyle and Dinh, Laurent and Goel, Kratarth and Courville, Aaron C and Bengio, Yoshua},
  booktitle={Advances in neural information processing systems},
  pages={2980--2988},
  year={2015}
}

@inproceedings{ondruska2016deep,
  title={Deep Tracking: Seeing Beyond Seeing Using Recurrent Neural Networks},
  author={Ondruska, Peter and Posner, Ingmar},
  booktitle={Thirtieth AAAI Conference on Artificial Intelligence},
  year={2016}
}}

@article{boulanger2012modeling,
  title={Modeling Temporal Dependencies in High-Dimensional Sequences: Application to Polyphonic Music Generation and Transcription},
  author={Boulanger-Lewandowski, Nicolas and Bengio, Yoshua and Vincent, Pascal},
  year={2012}
}

@article{doucet2002marginal,
  title={Marginal maximum a posteriori estimation using {M}arkov chain {M}onte {C}arlo},
  author={Doucet, Arnaud and Godsill, Simon J and Robert, Christian P},
  journal={{Statistics and Computing}},
  volume={12},
  number={1},
  pages={77--84},
  year={2002},
  publisher={Springer}
}

@inproceedings{rainforth2016bayesian,
  title={Bayesian optimization for probabilistic programs},
  author={Rainforth, Tom and Le, Tuan-Anh and van de Meent, Jan-Willem and Osborne, Michael A and Wood, Frank},
  booktitle={NIPS},
  pages={280--288},
  year={2016}
}

@article{muller2004optimal,
  title={Optimal {B}ayesian design by inhomogeneous {M}arkov chain simulation},
  author={M{\"u}ller, Peter and Sans{\'o}, Bruno and De Iorio, Maria},
  journal={{Journal of the American Statistical Association}},
  volume={99},
  number={467},
  pages={788--798},
  year={2004},
  publisher={Taylor \& Francis}
}

@inproceedings{chen2014stochastic,
  title={Stochastic Gradient {H}amiltonian {M}onte {C}arlo},
  author={Chen, Tianqi and Fox, Emily B and Guestrin, Carlos},
  booktitle={ICML},
  pages={1683--1691},
  year={2014}
}

@book{mackay2003information,
  title = {Information theory, inference and learning algorithms},
  author = {MacKay, David JC},
  year = {2003},
  publisher = {{Cambridge University Press}}
}

@article{box1976science,
  title = {Science and statistics},
  author = {Box, George EP},
  journal = {Journal of the American Statistical Association},
  volume = {71},
  number = {356},
  pages = {791--799},
  year = {1976},
  publisher = {Taylor \& Francis}
}

@article{rasmussen2001occam,
  title = {Occam's razor},
  author = {Rasmussen, Carl Edward and Ghahramani, Zoubin},
  journal = {{Advances in Neural Information Processing Systems}},
  pages = {294--300},
  year = {2001},
  publisher = {MIT; 1998}
}

@article{del2004feynman,
  title={{Feynman-Kac} formulae: genealogical and interacting particle systems with applications},
  author={Del Moral, P},
  journal={Probability and its applications},
  year={2004},
  publisher={New York: Springer}
}

@book{griewank2008evaluating,
  title={Evaluating derivatives: principles and techniques of algorithmic differentiation},
  author={Griewank, Andreas and Walther, Andrea},
  year={2008},
  publisher={SIAM}
}

@techreport{collobert2002torch,
  title={Torch: a modular machine learning software library},
  author={Collobert, Ronan and Bengio, Samy and Mari{\'e}thoz, Johnny},
  year={2002},
  institution={Idiap}
}

@article{baydin2015automatic,
  title = {Automatic differentiation in machine learning: a survey},
  author = {Baydin, A. G. and Pearlmutter, B. A. and Radul, A. A. and Siskind, J. M.},
  journal = {arXiv preprint arXiv:1502.05767},
  year = {2015}
}

@misc{abadi2015tensorflow,
title={ {TensorFlow}: Large-Scale Machine Learning on Heterogeneous Systems},
note={Software available from tensorflow.org},
author={
    Mart\'{\i}n~Abadi and
    others},
  year={2015},
}

@article{rumelhart1988learning,
  title={Learning representations by back-propagating errors},
  author={Rumelhart, David E and Hinton, Geoffrey E and Williams, Ronald J},
  journal={Cognitive modeling},
  volume={5},
  number={3},
  pages={1},
  year={1988}
}

@inproceedings{baydin2016diffsharp,
  author = {Baydin, Atılım Güneş and Pearlmutter, Barak A. and Siskind, Jeffrey Mark},
  booktitle = {International Conference on Algorithmic Differentiation},
  title = {DiffSharp: An AD Library for .NET Languages},
  year = {2016}
}

@article{doucet2009tutorial,
  title={A tutorial on particle filtering and smoothing: Fifteen years later},
  author={Doucet, Arnaud and Johansen, Adam M},
  journal={Handbook of nonlinear filtering},
  volume={12},
  number={656-704},
  pages={3},
  year={2009}
}

@article{pearlmutter2008reverse,
  title={Reverse-mode AD in a functional framework: Lambda the ultimate backpropagator},
  author={Pearlmutter, Barak A and Siskind, Jeffrey Mark},
  journal={TOPLAS},
  volume={30},
  number={2},
  pages={7},
  year={2008},
  publisher={ACM}
}

@article{ruder2016overview,
  author    = {Sebastian Ruder},
  title     = {An overview of gradient descent optimization algorithms},
  journal   = {CoRR},
  volume    = {abs/1609.04747},
  year      = {2016},
  timestamp = {Mon, 03 Oct 2016 17:51:10 +0200},
  biburl    = {http://dblp.uni-trier.de/rec/bib/journals/corr/Ruder16},
  bibsource = {dblp computer science bibliography, http://dblp.org}
}

@article{robbins1951stochastic,
  title={A stochastic approximation method},
  author={Robbins, Herbert and Monro, Sutton},
  journal={The annals of mathematical statistics},
  pages={400--407},
  year={1951},
  publisher={JSTOR}
}

@inproceedings{schulman2015gradient,
  title={Gradient estimation using stochastic computation graphs},
  author={Schulman, John and Heess, Nicolas and Weber, Theophane and Abbeel, Pieter},
  booktitle={NIPS},
  pages={3528--3536},
  year={2015}
}

@inproceedings{kingma2014auto,
  title={Auto-encoding variational {Bayes}},
  author={Kingma, Diederik P and Welling, Max},
  year = {2014},
  booktitle = {ICLR}
}

@article{williams1992simple,
  title = {Simple statistical gradient-following algorithms for connectionist reinforcement learning},
  author = {Williams, Ronald J},
  journal = {Machine learning},
  volume = {8},
  number = {3-4},
  pages = {229--256},
  year = {1992},
  publisher = {Springer}
}

@inproceedings{gu2015neural,
  title={Neural adaptive sequential {M}onte {C}arlo},
  author={Gu, Shixiang and Ghahramani, Zoubin and Turner, Richard E},
  booktitle={NIPS},
  pages={2629--2637},
  year={2015}
}

@inproceedings{paige2016inference,
  title={Inference networks for Sequential {M}onte {C}arlo in graphical models},
  author={Paige, Brooks and Wood, Frank},
  booktitle={ICML},
  year={2016}
}

@inproceedings{le2017inference,
  title={Inference Compilation and Universal Probabilistic Programming},
  author={Le, Tuan Anh and Baydin, Atilim Gunes and Wood, Frank},
  booktitle={AISTATS},
  year={2017}
}

@article{durbin2000time,
 author = {J. Durbin and S. J. Koopman},
 journal = {Journal of the Royal Statistical Society. Series B (Statistical Methodology)},
 number = {1},
 pages = {3-56},
 publisher = {[Royal Statistical Society, Wiley]},
 title = {Time Series Analysis of Non-Gaussian Observations Based on State Space Models from Both Classical and Bayesian Perspectives},
 volume = {62},
 year = {2000}
}

@article{kingma2014adam,
  title={Adam: A method for stochastic optimization},
  author={Kingma, Diederik and Ba, Jimmy},
  journal={arXiv preprint arXiv:1412.6980},
  year={2014}
}

@article{del2006sequential,
  title={Sequential monte carlo samplers},
  author={Del Moral, Pierre and Doucet, Arnaud and Jasra, Ajay},
  journal={Journal of the Royal Statistical Society: Series B (Statistical Methodology)},
  volume={68},
  number={3},
  pages={411--436},
  year={2006},
  publisher={Wiley Online Library}
}


@article{kantas2009overview,
  title={An overview of sequential {M}onte {C}arlo methods for parameter estimation in general state-space models},
  author={Kantas, Nicholas and Doucet, Arnaud and Singh, Sumeetpal Sindhu and Maciejowski, Jan Marian},
  journal={IFAC Proceedings Volumes},
  volume={42},
  number={10},
  pages={774--785},
  year={2009},
  publisher={Elsevier}
}

@article{doucet2003parameter,
  title={Parameter estimation in general state-space models using particle methods},
  author={Doucet, Arnaud and Tadi{\'c}, Vladislav B},
  journal={Annals of the institute of Statistical Mathematics},
  volume={55},
  number={2},
  pages={409--422},
  year={2003},
  publisher={Springer}
}

@article{poyiadjis2011particle,
  title={Particle approximations of the score and observed information matrix in state space models with application to parameter estimation},
  author={Poyiadjis, George and Doucet, Arnaud and Singh, Sumeetpal S and others},
  journal={Biometrika},
  volume={98},
  number={1},
  pages={65--80},
  year={2011}
}

@book{candy2016bayesian,
  title={Bayesian signal processing: classical, modern, and particle filtering methods},
  author={Candy, James V},
  volume={54},
  year={2016},
  publisher={John Wiley \& Sons}
}

@article{creal2012survey,
  title={A survey of sequential {M}onte {C}arlo methods for economics and finance},
  author={Creal, Drew},
  journal={Econometric reviews},
  volume={31},
  number={3},
  pages={245--296},
  year={2012},
  publisher={Taylor \& Francis}
}

@incollection{doucet2001introduction,
  title={An introduction to sequential {M}onte {C}arlo methods},
  author={Doucet, Arnaud and De Freitas, Nando and Gordon, Neil},
  booktitle={Sequential {M}onte {C}arlo methods in practice},
  pages={3--14},
  year={2001},
  publisher={Springer}
}

@book{sutton1998reinforcement,
  title={Reinforcement learning: An introduction},
  author={Sutton, Richard S and Barto, Andrew G},
  volume={1},
  year={1998},
  publisher={MIT press Cambridge}
}

@article{dempster1977maximum,
  title={Maximum likelihood from incomplete data via the EM algorithm},
  author={Dempster, Arthur P and Laird, Nan M and Rubin, Donald B},
  journal={Journal of the royal statistical society. Series B (methodological)},
  pages={1--38},
  year={1977},
  publisher={JSTOR}
}

@article{andrieu2009pseudo,
  title={The pseudo-marginal approach for efficient {M}onte {C}arlo computations},
  author={Andrieu, Christophe and Roberts, Gareth O},
  journal={The Annals of Statistics},
  pages={697--725},
  year={2009},
  publisher={JSTOR}
}

@inproceedings{poyiadjis2006gradient,
  title={Gradient-free maximum likelihood parameter estimation with particle filters},
  author={Poyiadjis, George and Singh, Sumeetpal S and Doucet, Arnaud},
  booktitle={American Control Conference, 2006},
  pages={6--pp},
  year={2006},
  organization={IEEE}
}

@inproceedings{coquelin2009particle,
  title={Particle filter-based policy gradient in POMDPs},
  author={Coquelin, Pierre-Arnaud and Deguest, Romain and Munos, R{\'e}mi},
  booktitle={NIPS},
  pages={337--344},
  year={2009}
}

@article{kiefer1952stochastic,
  title={Stochastic estimation of the maximum of a regression function},
  author={Kiefer, Jack and Wolfowitz, Jacob and others},
  journal={The Annals of Mathematical Statistics},
  volume={23},
  number={3},
  pages={462--466},
  year={1952},
  publisher={Institute of Mathematical Statistics}
}

@article{spall1992multivariate,
  title={Multivariate stochastic approximation using a simultaneous perturbation gradient approximation},
  author={Spall, James C},
  journal={IEEE transactions on automatic control},
  volume={37},
  number={3},
  pages={332--341},
  year={1992},
  publisher={IEEE}
}

@inproceedings{srivastava2015unsupervised,
  title={Unsupervised Learning of Video Representations using LSTMs.},
  author={Srivastava, Nitish and Mansimov, Elman and Salakhutdinov, Ruslan},
  booktitle={ICML},
  pages={843--852},
  year={2015}
}

@inproceedings{burda2016importance,
  title = {Importance Weighted Autoencoders},
  author = {Burda, Yuri and Grosse, Roger and Salakhutdinov, Ruslan},
  year = {2016},
  booktitle = {ICLR}
}

@inproceedings{chen2016variational,
  title={Variational Lossy Autoencoder},
  author={Chen, Xi and Kingma, Diederik P and Salimans, Tim and Duan, Yan and Dhariwal, Prafulla and Schulman, John and Sutskever, Ilya and Abbeel, Pieter},
  year = {2017},
  booktitle = {ICLR}
}

@inproceedings{gregor2015draw,
  author = {Gregor, Karol and Danihelka, Ivo and Graves, Alex and Rezende, Danilo Jimenez and Wierstra, Daan },
  title = {{DRAW:} {A} Recurrent Neural Network For Image Generation},
  booktitle = {ICML},
  pages = {1462--1471},
  year = {2015},
}

@inproceedings{rezende2014stochastic,
  author = {Rezende, Danilo Jimenez and Mohamed, Shakir and Wierstra, Daan },
  title = {Stochastic backpropagation and approximate inference in deep generative models},
  booktitle = {ICML},
  year = {2014},
}

@inproceedings{naesseth2014sequential,
  title={Sequential {M}onte {C}arlo for graphical models},
  author={Naesseth, Christian Andersson and Lindsten, Fredrik and Sch{\"o}n, Thomas B},
  booktitle={NIPS},
  pages={1862--1870},
  year={2014}
}

@inproceedings{douc2005comparison,
  title={Comparison of resampling schemes for particle filtering},
  author={Douc, Randal and Capp{\'e}, Olivier},
  booktitle={ISPA},
  pages={64--69},
  year={2005},
  organization={IEEE}
}

@article{roweis1999unifying,
  title={A unifying review of linear Gaussian models},
  author={Roweis, Sam and Ghahramani, Zoubin},
  journal={Neural computation},
  volume={11},
  number={2},
  pages={305--345},
  year={1999},
  publisher={MIT Press}
}

@article{neal2001annealed,
  title={Annealed importance sampling},
  author={Neal, Radford M},
  journal={Statistics and computing},
  volume={11},
  number={2},
  pages={125--139},
  year={2001},
  publisher={Springer}
}

@inproceedings{rainforth2016interacting,
  title={Interacting Particle {M}arkov Chain {M}onte {C}arlo},
  author={Rainforth, Tom and Naesseth, Christian A and Lindsten, Fredrik and Paige, Brooks and van de Meent, Jan-Willem and Doucet, Arnaud and Wood, Frank},
  booktitle={ICML},
  volume={48},
  year={2016}
}

@article{ehrlich2015gradient,
  title={Gradient free parameter estimation for hidden {M}arkov models with intractable likelihoods},
  author={Ehrlich, Elena and Jasra, Ajay and Kantas, Nikolas},
  journal={Methodology and Computing in Applied Probability},
  volume={17},
  number={2},
  pages={315},
  year={2015},
  publisher={Springer Science \& Business Media}
}

@article{berard2014lognormal,
  title={A lognormal central limit theorem for particle approximations of normalizing constants},
  author={B{\'e}rard, Jean and Del Moral, Pierre and Doucet, Arnaud and others},
  journal={Electronic Journal of Probability},
  volume={19},
  number={94},
  pages={1--28},
  year={2014},
  publisher={The Institute of Mathematical Statistics and the Bernoulli Society}
}


@article{ghahramani2015probabilistic,
  title={Probabilistic machine learning and artificial intelligence},
  author={Ghahramani, Zoubin},
  journal={Nature},
  volume={521},
  number={7553},
  pages={452--459},
  year={2015},
  publisher={Nature Research}
}

@inproceedings{chen2017variational,
  title = {Variational Lossy Autoencoder},
  author = {Chen, Xi and Kingma, Diederik P. and Salimans, Tim and Duan, Yan and Dhariwal, Prafulla and Schulman, John and Sutskever, Ilya and Abbeel, Pieter},
  year = {2017},
  booktitle = {ICLR}
}

@inproceedings{gershman2014amortized,
  author = {Gershman, Sam and Goodman, Noah D.},
  booktitle = {Proceedings of the Thirty-Sixth Annual Conference of the {C}ognitive {S}cience {S}ociety},
  title = {Amortized inference in probabilistic reasoning},
  year = {2014}
}

@inproceedings{stuhlmuller2013learning,
  title={Learning stochastic inverses},
  author={Stuhlm{\"u}ller, Andreas and Taylor, Jacob and Goodman, Noah},
  booktitle={Advances in neural information processing systems},
  pages={3048--3056},
  year={2013}
}

@article{huggins2015convergence,
  title={Convergence of Sequential {M}onte {C}arlo-based Sampling Methods},
  author={Huggins, Jonathan H and Roy, Daniel M},
  journal={arXiv preprint arXiv:1503.00966},
  year={2015}
}

@inproceedings{rezende2015variational,
  title={Variational Inference with Normalizing Flows},
  author={Rezende, Danilo and Mohamed, Shakir},
  booktitle={ICML},
  pages={1530--1538},
  year={2015}
}

@article{kingma2016improving,
  title={Improving Variational Inference with Inverse Autoregressive Flow},
  author={Kingma, Diederik P and Salimans, Tim and Welling, Max},
  journal={arXiv preprint arXiv:1606.04934},
  year={2016}
}

@inproceedings{salimans2015markov,
  title={{M}arkov Chain {M}onte {C}arlo and Variational Inference: Bridging the Gap},
  author={Salimans, Tim and Kingma, Diederik and Welling, Max},
  booktitle={ICML},
  year={2015}
}

@inproceedings{mnih2014neural,
  title={Neural Variational Inference and Learning in Belief Networks},
  author={Mnih, Andriy and Gregor, Karol},
  booktitle={Proceedings of The 31st International Conference on Machine Learning},
  pages={1791--1799},
  year={2014}
}

@inproceedings{gordon2014probabilistic,
  title={Probabilistic programming},
  author={Gordon, Andrew D and Henzinger, Thomas A and Nori, Aditya V and Rajamani, Sriram K},
  booktitle={Future of Software Engineering, FOSE 2014},
  pages={167--181},
  year={2014},
  organization={ACM}
}

@inproceedings{goodman2008church,
  title={Church: A language for generative models},
  author={Goodman, Noah D and Mansinghka, Vikash K and Roy, Daniel M and Bonawitz, Keith and Tenenbaum, Joshua B},
  booktitle={Uncertainty in Artificial Intelligence},
  year={2008}
}

@inproceedings{wood2014new,
  title={A New Approach to Probabilistic Programming Inference},
  author={Wood, Frank and van de Meent, Jan Willem and Mansinghka, Vikash},
  booktitle={Proceedings of the Seventeenth International Conference on Artificial Intelligence and Statistics},
  pages={1024--1032},
  year={2014}
}

@article{narayanan2016probabilistic,
  author  = {Praveen Narayanan and
             Jacques Carette and
             Wren Romano and
             Chung{-}chieh Shan and
             Robert Zinkov},
  title   = {Probabilistic Inference by Program Transformation in {Hakaru} (System
             Description)},
  journal = {Functional and Logic Programming - 13th International Symposium, {FLOPS}
             2016, Kochi, Japan, March 4--6, 2016, Proceedings},
  pages   = {62--79},
  year    = {2016}
}

@article{mansinghka2014venture,
  title={Venture: a higher-order probabilistic programming platform with programmable inference},
  author={Mansinghka, Vikash and Selsam, Daniel and Perov, Yura},
  journal={arXiv preprint arXiv:1404.0099},
  year={2014}
}

@misc{InferNET14,
  author = "Minka, T. and Winn, J.M. and Guiver, J.P. and Webster, S. and Zaykov, Y. and Yangel, B. and Spengler, A. and  Bronskill, J.",
  title = {{Infer.NET 2.6}},
  year = 2014,
  note = {Microsoft Research Cambridge. http://research.microsoft.com/infernet}
}

@article{lunn2000winbugs,
  title={{WinBUGS}--a {Bayesian} modelling framework: concepts, structure, and extensibility},
  author={Lunn, David J and Thomas, Andrew and Best, Nicky and Spiegelhalter, David},
  journal={Statistics and Computing},
  volume={10},
  number={4},
  pages={325--337},
  year={2000},
  publisher={Springer}
}

@article{hochreiter1997long,
  title={Long short-term memory},
  author={Hochreiter, Sepp and Schmidhuber, J{\"u}rgen},
  journal={Neural computation},
  volume={9},
  number={8},
  pages={1735--1780},
  year={1997},
  publisher={MIT Press}
}

@inproceedings{boulanger2012modeling,
  author =    {Nicolas Boulanger-Lewandowski and Yoshua Bengio and Pascal Vincent},
  title =     {Modeling Temporal Dependencies in High-Dimensional Sequences: Application to Polyphonic Music Generation and Transcription},
  booktitle = {Proceedings of the 29th International Conference on Machine Learning (ICML-12)},
  series =    {ICML '12},
  year =      {2012},
  editor =    {John Langford and Joelle Pineau},
  location =  {Edinburgh, Scotland, GB},
  isbn =      {978-1-4503-1285-1},
  month =     {July},
  publisher = {Omnipress},
  address =   {New York, NY, USA},
  pages=      {1159--1166}
}

@inproceedings{ondruska2016deep,
  author = {Peter Ondrúška and Ingmar Posner},
  title = {Deep Tracking: Seeing Beyond Seeing Using Recurrent Neural Networks},
  booktitle = {AAAI Conference on Artificial Intelligence},
  year = {2016}
}

@article{lecun1998mnist,
  title={The MNIST database of handwritten digits},
  author={LeCun, Yann},
  url={http://yann.lecun.com/exdb/mnist/},
  year={1998}
}

@unpublished{jin2017differentiating,
    author  = "Jin, Tom and Le, Tuan Anh and Igl, Max and Rainforth, Tom and Wood, Frank",
    title   = "Differentiating through Sequential {M}onte {C}arlo for Model Learning",
    year    = "2017",
    month   = "March",
    note    = "Manuscript submitted for publication",
}

@inproceedings{krishnan2016structured,
  title={Structured Inference Networks for Nonlinear State Space Models},
  author={Krishnan, Rahul G and Shalit, Uri and Sontag, David},
  booktitle={AAAI},
  year={2017}
}

@inproceedings{chung2015gated,
  title={Gated Feedback Recurrent Neural Networks.},
  author={Chung, Junyoung and G{\"u}l{\c{c}}ehre, Caglar and Cho, Kyunghyun and Bengio, Yoshua},
  booktitle={ICML},
  pages={2067--2075},
  year={2015}
}

@article{maddison2017filtering,
  title={Filtering Variational Objectives},
  author={Maddison, Chris J and Lawson, Dieterich and Tucker, George and Heess, Nicolas and Norouzi, Mohammad and Mnih, Andriy and Doucet, Arnaud and Teh, Yee Whye},
  journal={arXiv preprint arXiv:1705.09279},
  year={2017}
}

@inproceedings{naesseth2017variational,
  title={Variational Sequential {M}onte {C}arlo},
  author={Naesseth, Christian A and Linderman, Scott W and Ranganath, Rajesh and Blei, David M},
  journal={AISTATS},
  year={2018}
}

@article{hoffman2013stochastic,
  title={Stochastic variational inference},
  author={Hoffman, Matthew D and Blei, David M and Wang, Chong and Paisley, John},
  journal={The Journal of Machine Learning Research},
  volume={14},
  number={1},
  pages={1303--1347},
  year={2013},
  publisher={JMLR. org}
}

@article{wainwright2008graphical,
  title={Graphical models, exponential families, and variational inference},
  author={Wainwright, Martin J and Jordan, Michael I and others},
  journal={Foundations and Trends{\textregistered} in Machine Learning},
  volume={1},
  number={1--2},
  pages={1--305},
  year={2008},
  publisher={Now Publishers, Inc.}
}

@inproceedings{rainforth2017opportunities,
	title={On Nesting {M}onte {C}arlo Estimators},
	author={Rainforth, Tom and Cornish, Robert and Yang, Hongseok and Warrington, Andrew and Wood, Frank},
	booktitle={ICML},
	year={2018}
}


@inproceedings{le2017auto,
	title={Auto-encoding Sequential {M}onte {C}arlo},
	author={Le, Tuan Anh and Igl, Maximilian and Rainforth, Tom and Jin, Tom and Wood, Frank},
	booktitle={ICLR},
	year={2018}
}

@article{
	anonymous2018auto-encoding,
	title={Auto-Encoding Sequential Monte Carlo},
	author={Anonymous},
	journal={International Conference on Learning Representations},
	year={2018}
}

@inproceedings{rezende_variational_2015,
  title={Variational Inference with Normalizing Flows},
  author={Rezende, Danilo and Mohamed, Shakir},
  booktitle={International Conference on Machine Learning},
  pages={1530--1538},
  year={2015}
}

@article{henaff_model-based_2017-1,
  title = {Model-{{Based Planning}} in {{Discrete Action Spaces}}},
  url = {http://arxiv.org/abs/1705.07177},
  timestamp = {2017-11-03T08:22:52Z},
  archivePrefix = {arXiv},
  eprinttype = {arxiv},
  eprint = {1705.07177},
  primaryClass = {cs},
  author = {Henaff, Mikael and Whitney, William F. and LeCun, Yann},
  date = {2017-05-19},
  note = {00001},
  keywords = {Computer Science - Artificial Intelligence},
  file = {Henaff et al_2017_Model-Based Planning in Discrete Action Spaces.pdf:/Users/migl/Library/Application Support/Zotero/Profiles/blsovwcl.default/zotero/storage/M34EFZPH/Henaff et al_2017_Model-Based Planning in Discrete Action Spaces.pdf:application/pdf;arXiv.org Snapshot:/Users/migl/Library/Application Support/Zotero/Profiles/blsovwcl.default/zotero/storage/XVIW7MEC/1705.html:text/html},
  groups = {00\_toSortRelevant,00\_toSortRelevant}
}

@article{isola_image--image_2016,
  title = {Image-to-{{Image Translation}} with {{Conditional Adversarial Networks}}},
  url = {http://arxiv.org/abs/1611.07004},
  timestamp = {2017-11-03T08:23:08Z},
  archivePrefix = {arXiv},
  eprinttype = {arxiv},
  eprint = {1611.07004},
  primaryClass = {cs},
  author = {Isola, Phillip and Zhu, Jun-Yan and Zhou, Tinghui and Efros, Alexei A.},
  date = {2016-11-21},
  note = {00199},
  keywords = {Computer Science - Computer Vision and Pattern Recognition},
  file = {Isola et al_2016_Image-to-Image Translation with Conditional Adversarial Networks.pdf:/Users/migl/Library/Application Support/Zotero/Profiles/blsovwcl.default/zotero/storage/ZDQN8JVU/Isola et al_2016_Image-to-Image Translation with Conditional Adversarial Networks.pdf:application/pdf;arXiv.org Snapshot:/Users/migl/Library/Application Support/Zotero/Profiles/blsovwcl.default/zotero/storage/P5S7SKWT/1611.html:text/html},
  groups = {00\_toSortRelevant,00\_toSortRelevant}
}

@inproceedings{srivastava_first-order_2012,
  title = {First-Order Models for Pomdps},
  timestamp = {2017-11-03T08:23:25Z},
  booktitle = {{{UAI Workshop}} on {{Statistical Relational Artificial Intelligence}} ({{StarAI}})},
  author = {Srivastava, Siddharth and Russell, Stuart and Pfeffer, Avi and Analytics, Charles River},
  date = {2012},
  note = {00003},
  file = {Snapshot:/Users/migl/Library/Application Support/Zotero/Profiles/blsovwcl.default/zotero/storage/8ITQQRZM/Srivastava et al. - 2012 - First-order models for pomdps.pdf:application/pdf;Fulltext:/Users/migl/Library/Application Support/Zotero/Profiles/blsovwcl.default/zotero/storage/VDG4C3TU/Srivastava et al. - 2012 - First-order models for pomdps.pdf:application/pdf},
  groups = {00\_toSortRelevant,00\_toSortRelevant}
}

@inproceedings{salimans_markov_2015,
  title={Markov chain {M}onte {C}arlo and variational inference: Bridging the gap},
  author={Salimans, Tim and Kingma, Diederik and Welling, Max},
  booktitle={Proceedings of the 32nd International Conference on Machine Learning (ICML-15)},
  pages={1218--1226},
  year={2015}
}

@article{li_renyi_2016,
  title = {Rényi {{Divergence Variational Inference}}},
  volume = {1050},
  timestamp = {2017-11-03T08:56:10Z},
  journaltitle = {stat},
  author = {Li, Yingzhen and Turner, Richard E.},
  date = {2016},
  pages = {28},
  note = {00024},
  file = {Fulltext:/Users/migl/Library/Application Support/Zotero/Profiles/blsovwcl.default/zotero/storage/TX3R72ZA/Li and Turner - 2016 - Rényi Divergence Variational Inference.pdf:application/pdf;Snapshot:/Users/migl/Library/Application Support/Zotero/Profiles/blsovwcl.default/zotero/storage/VR8SXHT2/Li and Turner - 2016 - Rényi Divergence Variational Inference.pdf:application/pdf},
  groups = {00\_toSortRelevant,00\_toSortRelevant}
}

@inproceedings{mnih_variational_2016,
  title = {Variational {{Inference}} for {{Monte Carlo Objectives}}},
  url = {http://proceedings.mlr.press/v48/mnihb16.html},
  eventtitle = {International Conference on Machine Learning},
  timestamp = {2017-11-03T08:58:29Z},
  langid = {english},
  booktitle = {{{PMLR}}},
  author = {Mnih, Andriy and Rezende, Danilo},
  urldate = {2017-11-03},
  date = {2016-06-11},
  pages = {2188--2196},
  note = {00039},
  file = {Mnih_Rezende_2016_Variational Inference for Monte Carlo Objectives.pdf:/Users/migl/Library/Application Support/Zotero/Profiles/blsovwcl.default/zotero/storage/9ZPXI8EU/Mnih_Rezende_2016_Variational Inference for Monte Carlo Objectives.pdf:application/pdf;Snapshot:/Users/migl/Library/Application Support/Zotero/Profiles/blsovwcl.default/zotero/storage/23FQP93B/mnihb16.html:text/html},
  groups = {00\_toSortRelevant,00\_toSortRelevant}
}

@article{kingma_improving_2016-1,
  title = {Improving {{Variational Inference}} with {{Inverse Autoregressive Flow}}},
  url = {http://arxiv.org/abs/1606.04934},
  timestamp = {2017-11-03T09:04:40Z},
  archivePrefix = {arXiv},
  eprinttype = {arxiv},
  eprint = {1606.04934},
  primaryClass = {cs, stat},
  author = {Kingma, Diederik P. and Salimans, Tim and Jozefowicz, Rafal and Chen, Xi and Sutskever, Ilya and Welling, Max},
  date = {2016-06-15},
  note = {00066},
  keywords = {Computer Science - Learning,Statistics - Machine Learning},
  file = {Kingma et al_2016_Improving Variational Inference with Inverse Autoregressive Flow.pdf:/Users/migl/Library/Application Support/Zotero/Profiles/blsovwcl.default/zotero/storage/5HSDGUQ6/Kingma et al_2016_Improving Variational Inference with Inverse Autoregressive Flow.pdf:application/pdf;arXiv.org Snapshot:/Users/migl/Library/Application Support/Zotero/Profiles/blsovwcl.default/zotero/storage/7GF59DSH/1606.html:text/html},
  groups = {00\_toSortRelevant,00\_toSortRelevant}
}

@article{maaloe_auxiliary_2016,
  title={Auxiliary deep generative models},
  author={Maal{\o}e, Lars and S{\o}nderby, Casper Kaae and S{\o}nderby, S{\o}ren Kaae and Winther, Ole},
  journal={arXiv preprint arXiv:1602.05473},
  year={2016}
}

@incollection{so_nderby_ladder_2016,
  title = {Ladder {{Variational Autoencoders}}},
  url = {http://papers.nips.cc/paper/6275-ladder-variational-autoencoders.pdf},
  timestamp = {2017-11-03T09:11:27Z},
  booktitle = {Advances in {{Neural Information Processing Systems}} 29},
  publisher = {{Curran Associates, Inc.}},
  author = {Sø nderby, Casper Kaae and Raiko, Tapani and Maalø e, Lars and Sø nderby, Sø ren Kaae and Winther, Ole},
  editor = {Lee, D. D. and Sugiyama, M. and Luxburg, U. V. and Guyon, I. and Garnett, R.},
  date = {2016},
  pages = {3738--3746},
  note = {00000},
  file = {Sø nderby et al_2016_Ladder Variational Autoencoders.pdf:/Users/migl/Library/Application Support/Zotero/Profiles/blsovwcl.default/zotero/storage/37WZD3M9/Sø nderby et al_2016_Ladder Variational Autoencoders.pdf:application/pdf;NIPS Snapshort:/Users/migl/Library/Application Support/Zotero/Profiles/blsovwcl.default/zotero/storage/43INRP2F/6275-ladder-variational-autoencoders.html:text/html},
  groups = {00\_toSortRelevant,00\_toSortRelevant}
}

@article{rolfe_discrete_2016,
  title = {Discrete {{Variational Autoencoders}}},
  url = {http://arxiv.org/abs/1609.02200},
  timestamp = {2017-11-03T09:12:26Z},
  archivePrefix = {arXiv},
  eprinttype = {arxiv},
  eprint = {1609.02200},
  primaryClass = {cs, stat},
  author = {Rolfe, Jason Tyler},
  date = {2016-09-07},
  note = {00009},
  keywords = {Computer Science - Learning,Statistics - Machine Learning},
  file = {Rolfe_2016_Discrete Variational Autoencoders.pdf:/Users/migl/Library/Application Support/Zotero/Profiles/blsovwcl.default/zotero/storage/JK9R98C9/Rolfe_2016_Discrete Variational Autoencoders.pdf:application/pdf;arXiv.org Snapshot:/Users/migl/Library/Application Support/Zotero/Profiles/blsovwcl.default/zotero/storage/3P9EPKBW/1609.html:text/html},
  groups = {00\_toSortRelevant,00\_toSortRelevant}
}

@article{makhzani_adversarial_2015,
  title = {Adversarial {{Autoencoders}}},
  url = {http://arxiv.org/abs/1511.05644},
  timestamp = {2017-11-03T09:16:15Z},
  archivePrefix = {arXiv},
  eprinttype = {arxiv},
  eprint = {1511.05644},
  primaryClass = {cs},
  author = {Makhzani, Alireza and Shlens, Jonathon and Jaitly, Navdeep and Goodfellow, Ian and Frey, Brendan},
  date = {2015-11-17},
  note = {00131},
  keywords = {Computer Science - Learning},
  file = {Makhzani et al_2015_Adversarial Autoencoders.pdf:/Users/migl/Library/Application Support/Zotero/Profiles/blsovwcl.default/zotero/storage/VHNU8BEZ/Makhzani et al_2015_Adversarial Autoencoders.pdf:application/pdf;arXiv.org Snapshot:/Users/migl/Library/Application Support/Zotero/Profiles/blsovwcl.default/zotero/storage/7VWX43BI/1511.html:text/html},
  groups = {00\_toSortRelevant,00\_toSortRelevant}
}

@article{tran_variational_2015,
  title={The variational {G}aussian process},
  author={Tran, Dustin and Ranganath, Rajesh and Blei, David M},
  journal={arXiv preprint arXiv:1511.06499},
  year={2015}
}

@article{bornschein_reweighted_2014,
  title = {Reweighted {{Wake}}-{{Sleep}}},
  url = {http://arxiv.org/abs/1406.2751},
  timestamp = {2017-11-03T09:51:04Z},
  archivePrefix = {arXiv},
  eprinttype = {arxiv},
  eprint = {1406.2751},
  primaryClass = {cs},
  author = {Bornschein, Jörg and Bengio, Yoshua},
  date = {2014-06-10},
  keywords = {Computer Science - Learning},
  file = {Bornschein_Bengio_2014_Reweighted Wake-Sleep.pdf:/Users/migl/Library/Application Support/Zotero/Profiles/blsovwcl.default/zotero/storage/JB5PX838/Bornschein_Bengio_2014_Reweighted Wake-Sleep.pdf:application/pdf;arXiv.org Snapshot:/Users/migl/Library/Application Support/Zotero/Profiles/blsovwcl.default/zotero/storage/879N34U3/1406.html:text/html},
  groups = {00\_toSortRelevant,00\_toSortRelevant}
}

@article{bamler_perturbative_2017,
  title = {Perturbative {{Black Box Variational Inference}}},
  url = {http://arxiv.org/abs/1709.07433},
  timestamp = {2017-11-03T11:49:34Z},
  archivePrefix = {arXiv},
  eprinttype = {arxiv},
  eprint = {1709.07433},
  primaryClass = {cs, stat},
  author = {Bamler, Robert and Zhang, Cheng and Opper, Manfred and Mandt, Stephan},
  date = {2017-09-21},
  keywords = {Computer Science - Learning,Statistics - Machine Learning},
  file = {Bamler et al_2017_Perturbative Black Box Variational Inference.pdf:/Users/migl/Library/Application Support/Zotero/Profiles/blsovwcl.default/zotero/storage/NC5Q8GMN/Bamler et al_2017_Perturbative Black Box Variational Inference.pdf:application/pdf;arXiv.org Snapshot:/Users/migl/Library/Application Support/Zotero/Profiles/blsovwcl.default/zotero/storage/KCA9X3CB/1709.html:text/html},
  groups = {00\_toSortRelevant,00\_toSortRelevant}
}

@article{kingma2016improving,
  title={Improving variational inference with inverse autoregressive flow},
  author={Kingma, Diederik P and Salimans, Tim and Welling, Max},
  journal={arXiv preprint arXiv:1606.04934},
  year={2016}
}

@article{maddison2017filtering,
  title={Filtering Variational Objectives},
  author={Maddison, Chris J and Lawson, Dieterich and Tucker, George and Heess, Nicolas and Norouzi, Mohammad and Mnih, Andriy and Doucet, Arnaud and Teh, Yee Whye},
  journal={arXiv preprint arXiv:1705.09279},
  year={2017}
}

@article{le2017auto,
  title={Auto-Encoding Sequential Monte Carlo},
  author={Le, Tuan Anh and Igl, Maximilian and Jin, Tom and Rainforth, Tom and Wood, Frank},
  journal={arXiv preprint arXiv:1705.10306},
  year={2017}
}

@article{burda2015importance,
  title={Importance weighted autoencoders},
  author={Burda, Yuri and Grosse, Roger and Salakhutdinov, Ruslan},
  journal={arXiv preprint arXiv:1509.00519},
  year={2015}
}

@article{naesseth2017variational,
  title={Variational Sequential Monte Carlo},
  author={Naesseth, Christian A and Linderman, Scott W and Ranganath, Rajesh and Blei, David M},
  journal={arXiv preprint arXiv:1705.11140},
  year={2017}
}

@inproceedings{ranganath2016hierarchical,
  title={Hierarchical variational models},
  author={Ranganath, Rajesh and Tran, Dustin and Blei, David},
  booktitle={ICML},
  year={2016}
}

@inproceedings{li2016renyi,
  title={R{\'e}nyi divergence variational inference},
  author={Li, Yingzhen and Turner, Richard E},
  booktitle={NIPS},
  year={2016}
}

@article{turner2011two,
  title={Two problems with variational expectation maximisation for time-series models},
  author={Turner, Richard E and Sahani, Maneesh},
  journal={Bayesian Time series models},
  pages={115--138},
  year={2011},
  publisher={Cambridge, UK: Cambridge Univ. Press}
}

@article{fort2017mcmc,
  title={MCMC design-based non-parametric regression for rare event. Application to nested risk computations},
  author={Fort, Gersende and Gobet, Emmanuel and Moulines, Eric},
  journal={Monte Carlo Methods and Applications},
  volume={23},
  number={1},
  pages={21--42},
  year={2017}
}

@phdthesis{hesterberg1988advances,
	title={Advances in importance sampling},
	author={Hesterberg, Timothy Classen},
	year={1988},
	school={Stanford University}
}

@inproceedings{roberts2009signal,
	title={Signal-to-noise ratio analysis of policy gradient algorithms},
	author={Roberts, John W and Tedrake, Russ},
	booktitle={NIPS},
	year={2009}
}

@article{cremer2017reinterpreting,
	title={Reinterpreting Importance-Weighted Autoencoders},
	author={Cremer, Chris and Morris, Quaid and Duvenaud, David},
	journal={arXiv preprint arXiv:1704.02916},
	year={2017}
}

@book{mcbook,
	author = {Art B. Owen},
	year = 2013,
	title = {Monte Carlo theory, methods and examples}
}

@article{ruiz2016overdispersed,
	title={Overdispersed black-box variational inference},
	author={Ruiz, Francisco JR and Titsias, Michalis K and Blei, David M},
	journal={arXiv preprint arXiv:1603.01140},
	year={2016}
}

@article{lecun1998gradient,
	title={Gradient-based learning applied to document recognition},
	author={LeCun, Yann and Bottou, L{\'e}on and Bengio, Yoshua and Haffner, Patrick},
	journal={Proceedings of the IEEE},
	volume={86},
	number={11},
	pages={2278--2324},
	year={1998},
	publisher={IEEE}
}

@article{an2015variational,
	title={Variational autoencoder based anomaly detection using reconstruction probability},
	author={An, Jinwon and Cho, Sungzoon},
	journal={SNU Data Mining Center, Tech. Rep.},
	year={2015}
}

@inproceedings{engel2018latent,
	title={Latent Constraints: Learning to Generate Conditionally from Unconditional Generative Models},
	author={Jesse Engel and Matthew Hoffman and Adam Roberts},
	booktitle={ICLR},
	year={2018}
}

@inproceedings{gregor2016towards,
	title={Towards conceptual compression},
	author={Gregor, Karol and Besse, Frederic and Rezende, Danilo Jimenez and Danihelka, Ivo and Wierstra, Daan},
	booktitle={NIPS},
	year={2016}
}

@inproceedings{ranganath2014black,
	title={Black box variational inference},
	author={Ranganath, Rajesh and Gerrish, Sean and Blei, David},
	booktitle={AISTATS},
	year={2014}
}

@article{hinton1995wake,
	title={The" wake-sleep" algorithm for unsupervised neural networks},
	author={Hinton, Geoffrey E and Dayan, Peter and Frey, Brendan J and Neal, Radford M},
	journal={Science},
	volume={268},
	number={5214},
	pages={1158--1161},
	year={1995},
	publisher={American Association for the Advancement of Science}
}

@article{bourlard1988auto,
	title={Auto-association by multilayer perceptrons and singular value decomposition},
	author={Bourlard, Herv{\'e} and Kamp, Yves},
	journal={Biological cybernetics},
	volume={59},
	number={4-5},
	pages={291--294},
	year={1988},
	publisher={Springer}
}

@inproceedings{hinton1994autoencoders,
	title={Autoencoders, minimum description length and Helmholtz free energy},
	author={Hinton, Geoffrey E and Zemel, Richard S},
	booktitle={NIPS},
	year={1994}
}

@phdthesis{rainforth2017thesis,
	title = {{Automating Inference, Learning, and Design using 
	Probabilistic Programming}},
	author = {Rainforth, Tom},
	institution = {University of Oxford},
	year = {2017}
}