

@article{Kosiorek17,
  author    = {Adam R. Kosiorek and
               Alex Bewley and
               Ingmar Posner},
  title     = {Hierarchical Attentive Recurrent Tracking},
  journal   = {Neural Information Processing Systems},
  year      = {2017},
}

@article{Vaswani17,
  author    = {Ashish Vaswani and
               Noam Shazeer and
               Niki Parmar and
               Jakob Uszkoreit and
               Llion Jones and
               Aidan N. Gomez and
               Lukasz Kaiser and
               Illia Polosukhin},
  title     = {Attention Is All You Need},
  journal   = {Neural Information Processing Systems},
  year      = {2017}
}

@article{Kahou15,
  author    = {Samira Ebrahimi Kahou and
               Vincent Michalski and
               Roland Memisevic},
  title     = {{RATM:} Recurrent Attentive Tracking Model},
  journal   = {IEEE Conference on Computer Vision and Pattern Recognition Workshops},
  year      = {2017}
}

@article{Redmon15,
  author    = {Joseph Redmon and
               Santosh Kumar Divvala and
               Ross B. Girshick and
               Ali Farhadi},
  title     = {You Only Look Once: Unified, Real-Time Object Detection},
  journal   = {Conference on Computer Vision and Pattern Recognition},
  year      = {2016},
}

@article{Gordon17,
  author    = {Daniel Gordon and
               Ali Farhadi and
               Dieter Fox},
  title     = {Re3 : Real-Time Recurrent Regression Networks for Object Tracking},
  journal   = {IEEE Robotics and Automation Letters},
  year      = {2018},
}

@article{MOT16,
	title = {{MOT}16: {A} Benchmark for Multi-Object Tracking},
	shorttitle = {MOT16},
	author = {Milan, A. and Leal-Taix\'{e}, L. and Reid, I. and Roth, S. and Schindler, K.},
	year = {2016},
	note = {arXiv: 1603.00831},
	keywords = {Computer Science - Computer Vision and Pattern Recognition}
}

@article{Wen15,
  author    = {Longyin Wen and
               Dawei Du and
               Zhaowei Cai and
               Zhen Lei and
               Ming{-}Ching Chang and
               Honggang Qi and
               Jongwoo Lim and
               Ming{-}Hsuan Yang and
               Siwei Lyu},
  title     = {{DETRAC:} {A} New Benchmark and Protocol for Multi-Object Tracking},
  journal   = {arXiv},
  volume    = {1511.04136},
  year      = {2015},
  timestamp = {Mon, 13 Aug 2018 16:49:08 +0200},
  bibsource = {dblp computer science bibliography, https://dblp.org}
}

@inproceedings{Held2016goturn,
  title={Learning to track at 100 fps with deep regression networks},
  author={Held, David and Thrun, Sebastian and Savarese, Silvio},
  booktitle={European Conference on Computer Vision},
  year={2016},
}

@article{Valmadre2017corr,
  title={End-to-End Representation Learning for Correlation Filter Based Tracking},
  author={Jack Valmadre and Luca Bertinetto and Jo{\~a}o F. Henriques and Andrea Vedaldi and Philip Hilaire Sean Torr},
  journal={2017 IEEE Conference on Computer Vision and Pattern Recognition (CVPR)},
  year={2017},
}

@inproceedings{Zaheer2017,
archivePrefix = {arXiv},
arxivId = {arXiv:1703.06114v3},
author = {Zaheer, Manzil and Kottur, Satwik and Ravanbhakhsh, Siamak and P{\'{o}}czos, Barnab{\'{a}}s and Salakhutdinov, Ruslan and Smola, Alexander},
booktitle = {Advances in Neural Information Processing Systems},
eprint = {arXiv:1703.06114v3},
title = {{Deep Sets}},
year = {2017}
}

@article{Wagstaff2019,
  author    = {Edward Wagstaff and
               Fabian B. Fuchs and
               Martin Engelcke and
               Ingmar Posner and
               Michael A. Osborne},
  title     = {On the Limitations of Representing Functions on Sets},
  journal   = {International Conference on Machine Learning},
  year      = {2019},
}

@article{Gupta2019,
  author    = {Agrim Gupta and
               Justin Johnson and
               Li Fei{-}Fei and
               Silvio Savarese and
               Alexandre Alahi},
  title     = {Social {GAN:} Socially Acceptable Trajectories with Generative Adversarial
               Networks},
  journal   = {IEEE/CVF Conference on Computer Vision and Pattern Recognition},
  year      = {2018},
}


@article{DroneDataset,
  author    = {A. Robicquet and
               A. Sadeghian and
               A. Alahi and
               S. Savaresei},
  title     = { Learning Social Etiquette: Human Trajectory Prediction In Crowded Scenes},
  journal   = {European Conference on Computer Vision},
  year      = {2016},
}

@article{Gordon2018,
archivePrefix = {arXiv},
author = {Gordon, Daniel and Farhadi, Ali and Fox, Dieter},
journal = {RA-L},
title = {{Re3 : Real-Time Recurrent Regression Networks for Visual Tracking of Generic Objects}},
year = {2018}
}
@article{Nam2016,
author = {Nam, Hyeonseob and Han, Bohyung},
journal = {CVPR},
title = {{Learning Multi-Domain Convolutional Neural Networks for Visual Tracking}},
year = {2016}
}
@article{Ning2017,
author = {Ning, Guanghan and Zhang, Zhi and Huang, Chen and He, Zhihai and Ren, Xiaobo and Wang, Haohong},
journal = {ISCAS},
title = {{Spatially Supervised Recurrent Convolutional Neural Networks for Visual Object Tracking}},
year = {2017}
}
@article{Xiang2015,
author = {Xiang, Yu and Alahi, Alexandre and Savarese, Silvio},
journal = {ICCV},
title = {{Learning to Track: Online Multi- Object Tracking by Decision Making Multi-Object Tracking}},
year = {2015}
}
@article{Milan2014,
author = {Milan, Anton and Roth, Stefan and Schindler, Konrad},
journal = {PAMI},
keywords = {Continuous optimization,Multiobject tracking,Tracking-by-detection,Visual surveillance},
title = {{Continuous energy minimization for multitarget tracking}},
year = {2014}
}
@article{Zhang2008,
author = {Zhang, Li and Li, Yuan and Nevatia, Ramakant},
journal = {CVPR},
title = {{Global data association for multi-object tracking using network flows}},
year = {2008}
}

@article{Osep2017,
author = {O{\v{s}}ep, Aljo{\v{s}}a and Mehner, Wolfgang and Voigtlaender, Paul and Leibe, Bastian},
journal = {ICRA},
title = {{Track, then Decide: Category-Agnostic Vision-based Multi-Object Tracking}},
year = {2018}
}

@article{Posner2016,
author = {Peter Ondruska and Ingmar Posner},
journal = {AAAI},
keywords = {Technical Papers: Robotics},
title = {{Deep Tracking: Seeing Beyond Seeing Using Recurrent Neural Networks}},
year = {2016}
}


@article{Santoro2018,
author = {Santoro, Adam and Faulkner, Ryan and Raposo, David and Rae, Jack and Chrzanowski, Mike and Weber, Theophane and Wierstra, Daan and Vinyals, Oriol and Pascanu, Razvan and Lillicrap, Timothy},
eprint = {1806.01822},
journal = {arXiv},
title = {{Relational recurrent neural networks}},
year = {2018}
}
@article{Battaglia2016,
author = {Battaglia, Peter W. and Pascanu, Razvan and Lai, Matthew and Rezende, Danilo and Kavukcuoglu, Koray},
journal = {NIPS},
title = {{Interaction Networks for Learning about Objects, Relations and Physics}},
year = {2016}
}
@article{Lu2018,
journal = {Neuron},
publisher = {Elsevier Inc.},
title = {{Revealing Detail along the Visual Hierarchy: Neural Clustering Preserves Acuity from V1 to V4}},
year = {2018}
}
@article{Santoro2017,
author = {Santoro, Adam and Raposo, David and Barrett, David G. T. and Malinowski, Mateusz and Pascanu, Razvan and Battaglia, Peter and Lillicrap, Timothy},
journal = {NIPS},
title = {{A simple neural network module for relational reasoning}},
year = {2017}
}
@article{Willems2007,
author = {Willems, Jan},
journal = {IEEE Control Systems Magazine},
title = {{The Behavioral Approach to Open and Interconnected Systems}},
url = {http://ieeexplore.ieee.org/lpdocs/epic03/wrapper.htm?arnumber=4384643{\%}5Cnpapers2://publication/doi/10.1109/MCS.2007.906923},
year = {2007}
}


@article{Watters2017,
author = {Watters, Nicholas and Zoran, Daniel and Weber, Theophane and Battaglia, Peter and Pascanu, Razvan and Tacchetti, Andrea},
journal = {NIPS},
title = {{Visual Interaction Networks: Learning a Physics Simulator from Video}},
year = {2017}
}


% trajectory prediction 

@inproceedings{li2019way,
  title={Which Way Are You Going? Imitative Decision Learning for Path Forecasting in Dynamic Scenes},
  author={Li, Yuke},
  booktitle={Proceedings of the IEEE Conference on Computer Vision and Pattern Recognition},
  year={2019}
}
% social behavior
@inproceedings{su2016crowd,
  title={Crowd Scene Understanding with Coherent Recurrent Neural Networks.},
  author={Su, Hang and Dong, Yinpeng and Zhu, Jun and Ling, Haibin and Zhang, Bo},
  year={2016}
}
@article{fernando2018soft,
  title={Soft+ hardwired attention: An lstm framework for human trajectory prediction and abnormal event detection},
  author={Fernando, Tharindu and Denman, Simon and Sridharan, Sridha and Fookes, Clinton},
  journal={Neural networks},
  year={2018},
  publisher={Elsevier}
}
@inproceedings{vemula2018social,
  title={Social attention: Modeling attention in human crowds},
  author={Vemula, Anirudh and Muelling, Katharina and Oh, Jean},
  booktitle={2018 IEEE International Conference on Robotics and Automation (ICRA)},
  year={2018},
  organization={IEEE}
}

@inproceedings{choi2019learning,
  title={Learning to Infer Relations for Future Trajectory Forecast},
  author={Choi, Chiho and Dariush, Behzad},
  booktitle={Proceedings of the IEEE Conference on Computer Vision and Pattern Recognition Workshops},
  year={2019}
}
@inproceedings{zhang2019sr,
  title={SR-LSTM: State Refinement for LSTM towards Pedestrian Trajectory Prediction},
  author={Zhang, Pu and Ouyang, Wanli and Zhang, Pengfei and Xue, Jianru and Zheng, Nanning},
  booktitle={Proceedings of the IEEE Conference on Computer Vision and Pattern Recognition},
  year={2019}
}

% Interactions learning
@inproceedings{sadeghian2019sophie,
  title={Sophie: An attentive gan for predicting paths compliant to social and physical constraints},
  author={Sadeghian, Amir and Kosaraju, Vineet and Sadeghian, Ali and Hirose, Noriaki and Rezatofighi, Hamid and Savarese, Silvio},
  booktitle={Proceedings of the IEEE Conference on Computer Vision and Pattern Recognition},
  year={2019}
}

% end to end
@article{varshneya2017human,
  title={Human trajectory prediction using spatially aware deep attention models},
  author={Varshneya, Daksh and Srinivasaraghavan, G},
  journal={arXiv preprint:1705.09436},
  year={2017}
}

@article{scholler2019simpler,
  title={The Simpler the Better: Constant Velocity for Pedestrian Motion Prediction},
  author={Sch{\"o}ller, Christoph and Aravantinos, Vincent and Lay, Florian and Knoll, Alois},
  journal={arXiv preprint arXiv:1903.07933},
  year={2019}
}

% old literatures
@inproceedings{UCY,
  title={Crowds by example},
  author={Lerner, Alon and Chrysanthou, Yiorgos and Lischinski, Dani},
  booktitle={Computer Graphics Forum},
  year={2007}
}

@inproceedings{ETH,
  title={You'll never walk alone: Modeling social behavior for multi-target tracking},
  author={Pellegrini, Stefano and Ess, Andreas and Schindler, Konrad and Van Gool, Luc},
  booktitle={ICCV 2009}
}

@incollection{grewal2011kalman,
  title={Kalman filtering},
  author={Grewal, Mohinder S},
  booktitle={International Encyclopedia of Statistical Science},
  year={2011}
}

@inproceedings{IGP,
  title={Unfreezing the robot: Navigation in dense, interacting crowds},
  author={Trautman, Peter and Krause, Andreas},
  booktitle={IROS},
  year={2010}
}

@inproceedings{rudenko2018joint,
  title={Joint long-term prediction of human motion using a planning-based social force approach},
  author={Rudenko, Andrey and Palmieri, Luigi and Arras, Kai O},
  booktitle={2018 IEEE International Conference on Robotics and Automation (ICRA)},
  year={2018},
  organization={IEEE}
}

@inproceedings{yamaguchi2011you,
  title={Who are you with and where are you going?},
  author={Yamaguchi, Kota and Berg, Alexander C and Ortiz, Luis E and Berg, Tamara L},
  booktitle={CVPR},
  year={2011}
}


@inproceedings{social-lstm,
  title={Social {LSTM}: Human trajectory prediction in crowded spaces},
  author={Alahi, Alexandre and Goel, Kratarth and Ramanathan, Vignesh and Robicquet, Alexandre and Fei-Fei, Li and Savarese, Silvio},
  booktitle={CVPR},
  year={2016}
}

@inproceedings{sun20183dof,
  title={3DOF pedestrian trajectory prediction learned from long-term autonomous mobile robot deployment data},
  author={Sun, Li and Yan, Zhi and Mellado, Sergi Molina and Hanheide, Marc and Duckett, Tom},
  booktitle={2018 IEEE International Conference on Robotics and Automation},
  year={2018},
  organization={IEEE}
}

@article{Danesh19,
author = {Rasouli Danesh, Maryam and Yadav, Srishti and Herath, Sachini and Vaghei, Yasaman and Payandeh, Shahram},
year = {2019},
month = {02},
pages = {750},
title = {Deep Attention Models for Human Tracking Using RGBD},
volume = {19},
journal = {Sensors},
}

@inproceedings{Lee2019settransformer,
  title={Set transformer},
  author={Lee, Juho and Lee, Yoonho and Kim, Jungtaek and Kosiorek, Adam R and Choi, Seungjin and Teh, Yee Whye},
  booktitle={International Conference on Machine Learning},
  year={2019}
}


% tracking by detection

@article{bae2017confidence,
  title={Confidence-based data association and discriminative deep appearance learning for robust online multi-object tracking},
  author={Bae, Seung-Hwan and Yoon, Kuk-Jin},
  journal={IEEE Transactions on Pattern Analysis and Machine Intelligence},
  year={2017},
}

@article{keuper2018motion,
  title={Motion segmentation \& multiple object tracking by correlation co-clustering},
  author={Keuper, Margret and Tang, Siyu and Andres, Bjorn and Brox, Thomas and Schiele, Bernt},
  journal={IEEE Transactions on Pattern Analysis and Machine Intelligence},
  year={2018},
  publisher={IEEE}
}

@inproceedings{Kosiorek2018sqair,
  title={Sequential attend, infer, repeat: Generative modelling of moving objects},
  author={Kosiorek, Adam and Kim, Hyunjik and Teh, Yee Whye and Posner, Ingmar},
  booktitle={Advances in Neural Information Processing Systems},
  pages={8606--8616},
  year={2018}
}
@article{Steenkiste2018,
  author    = {Sjoerd van Steenkiste and
               Michael Chang and
               Klaus Greff and
               J{\"{u}}rgen Schmidhuber},
  title     = {Relational Neural Expectation Maximization: Unsupervised Discovery
               of Objects and their Interactions},
  journal   = {ICLR},
  year      = {2018},
}