@article{hinton1995wake,
  title        = {The ``wake-sleep" algorithm for unsupervised neural networks},
  author       = {Hinton, Geoffrey E and Dayan, Peter and Frey, Brendan J and Neal, Radford M},
  journal      = {Science},
  volume       = 268,
  number       = 5214,
  pages        = {1158--1161},
  year         = 1995,
  publisher    = {American Association for the Advancement of Science}
}

@inproceedings{bornschein2015reweighted,
  title        = {Reweighted Wake-Sleep},
  author       = {Bornschein, J{\"o}rg and Bengio, Yoshua},
  booktitle    = {International Conference on Learning Representations},
  year         = 2015
}

@inproceedings{jang2017categorical,
  title        = {Categorical Reparameterization with {G}umbel-Softmax},
  author       = {Jang, Eric and Gu, Shixiang and Poole, Ben},
  booktitle    = {International Conference on Learning Representations},
  year         = 2017
}

@inproceedings{maddison2017concrete,
  title        = {The Concrete Distribution: A Continuous Relaxation of Discrete Random Variables},
  author       = {Maddison, Chris J and Mnih, Andriy and Teh, Yee Whye},
  booktitle    = {International Conference on Learning Representations},
  year         = 2017
}

@inproceedings{tucker2017rebar,
  title        = {REBAR: Low-variance, unbiased gradient estimates for discrete latent variable models},
  author       = {Tucker, George and Mnih, Andriy and Maddison, Chris J and Lawson, John and Sohl-Dickstein, Jascha},
  booktitle    = {Advances in Neural Information Processing Systems},
  pages        = {2624--2633},
  year         = 2017
}

@inproceedings{grathwohl2018backpropagation,
  title        = {Backpropagation through the Void: Optimizing control variates for black-box gradient estimation},
  author       = {Will Grathwohl and Dami Choi and Yuhuai Wu and Geoff Roeder and David Duvenaud},
  booktitle    = {International Conference on Learning Representations},
  year         = 2018
}

@inproceedings{burda2016importance,
  title        = {Importance weighted autoencoders},
  author       = {Burda, Yuri and Grosse, Roger and Salakhutdinov, Ruslan},
  booktitle    = {International Conference on Learning Representations},
  year         = 2016
}

@inproceedings{mnih2016variational,
  title        = {Variational inference for {M}onte {C}arlo objectives},
  author       = {Mnih, Andriy and Rezende, Danilo},
  booktitle    = {International Conference on Machine Learning},
  pages        = {2188--2196},
  year         = 2016
}

@inproceedings{kingma2014auto,
  title={Auto-encoding variational {Bayes}},
  author={Kingma, Diederik P and Welling, Max},
  year = {2014},
  booktitle = {International Conference on Learning Representations}
}

@inproceedings{rezende2014stochastic,
  author = {Rezende, Danilo Jimenez and Mohamed, Shakir and Wierstra, Daan },
  title = {Stochastic backpropagation and approximate inference in deep generative models},
  booktitle = {International Conference on Machine Learning},
  year = {2014},
}

@inproceedings{naesseth2017variational,
  title =    {Variational Sequential {M}onte {C}arlo},
  author =   {Christian Naesseth and Scott Linderman and Rajesh Ranganath and David Blei},
  booktitle =    {International Conference on Artificial Intelligence and Statistics},
  year =   {2018}
}

@inproceedings{maddison2017filtering,
  title={Filtering Variational Objectives},
  author={Maddison, Chris J and Lawson, John and Tucker, George and Heess, Nicolas and Norouzi, Mohammad and Mnih, Andriy and Doucet, Arnaud and Teh, Yee},
  booktitle={Advances in Neural Information Processing Systems},
  pages={6576--6586},
  year={2017}
}

@inproceedings{le2018autoencoding,
  title = {Auto-Encoding Sequential {M}onte {C}arlo},
  author = {Le, Tuan Anh and Igl, Maximilian and Rainforth, Tom and Jin, Tom and Wood, Frank},
  booktitle = {International Conference on Learning Representations},
  year = {2018}
}

@inproceedings{rainforth2018tighter,
  title={Tighter Variational Bounds are Not Necessarily Better},
  author={Rainforth, Tom and Kosiorek, Adam R and Le, Tuan Anh and Maddison, Chris J and Igl, Maximilian and Wood, Frank and Teh, Yee Whye},
  booktitle={International Conference on Machine Learning},
  year={2018}
}

@article{williams1992simple,
  title = {Simple statistical gradient-following algorithms for connectionist reinforcement learning},
  author = {Williams, Ronald J},
  journal = {Machine learning},
  volume = {8},
  number = {3-4},
  pages = {229--256},
  year = {1992},
  publisher = {Springer}
}

@inproceedings{mnih2014neural,
  title={Neural Variational Inference and Learning in Belief Networks},
  author={Mnih, Andriy and Gregor, Karol},
  booktitle={International Conference on Machine Learning},
  pages={1791--1799},
  year={2014}
}

@article{dayan1995helmholtz,
  title={The {Helmholtz} machine},
  author={Dayan, Peter and Hinton, Geoffrey E and Neal, Radford M and Zemel, Richard S},
  journal={Neural computation},
  volume={7},
  number={5},
  pages={889--904},
  year={1995},
  publisher={MIT Press}
}

@inproceedings{eslami2016attend,
    title={Attend, Infer, Repeat: Fast Scene Understanding with Generative Models},
    author={S. M. Ali Eslami and Nicolas Heess and Theophane Weber and Yuval Tassa and David Szepesvari and Koray Kavukcuoglu and Geoffrey E. Hinton},
    booktitle={Advances in Neural Information Processing Systems},
    year={2016}
}

@inproceedings{miao2016language,
  title={Language as a latent variable: Discrete generative models for sentence compression},
  author={Miao, Y and Blunsom, P},
  booktitle={Proceedings of the 2016 Conference on Empirical Methods in Natural Language Processing},
  pages={319--328},
  year={2016}
}

@inproceedings{goodfellow2014generative,
  title={Generative adversarial nets},
  author={Goodfellow, Ian and Pouget-Abadie, Jean and Mirza, Mehdi and Xu, Bing and Warde-Farley, David and Ozair, Sherjil and Courville, Aaron and Bengio, Yoshua},
  booktitle={Advances in neural information processing systems},
  pages={2672--2680},
  year={2014}
}

@article{mohamed2016learning,
  title={Learning in implicit generative models},
  author={Mohamed, Shakir and Lakshminarayanan, Balaji},
  journal={arXiv preprint arXiv:1610.03483},
  year={2016}
}

@inproceedings{le2017inference,
  author = {Le, Tuan Anh and Baydin, Atilim Gunes and Wood, Frank},
  booktitle = {International Conference on Artificial Intelligence and Statistics},
  title = {Inference Compilation and Universal Probabilistic Programming},
  year = {2017}
}

@inproceedings{gershman2014amortized,
  title={Amortized inference in probabilistic reasoning},
  author={Gershman, Samuel and Goodman, Noah},
  booktitle={Proceedings of the Annual Meeting of the Cognitive Science Society},
  volume={36},
  number={36},
  year={2014}
}

@inproceedings{schulman2015gradient,
  title={Gradient estimation using stochastic computation graphs},
  author={Schulman, John and Heess, Nicolas and Weber, Theophane and Abbeel, Pieter},
  booktitle={Advances in Neural Information Processing Systems},
  pages={3528--3536},
  year={2015}
}

@inproceedings{johnson2016composing,
  title={Composing graphical models with neural networks for structured representations and fast inference},
  author={Johnson, Matthew and Duvenaud, David K and Wiltschko, Alex and Adams, Ryan P and Datta, Sandeep R},
  booktitle={Advances in neural information processing systems},
  pages={2946--2954},
  year={2016}
}

@inproceedings{adams2010learning,
  title={Learning the structure of deep sparse graphical models},
  author={Adams, Ryan and Wallach, Hanna and Ghahramani, Zoubin},
  booktitle={International Conference on Artificial Intelligence and Statistics},
  year={2010}
}

@inproceedings{neiswanger2014dependent,
  title={The dependent {D}irichlet process mixture of objects for detection-free tracking and object modeling},
  author={Neiswanger, Willie and Wood, Frank and Xing, Eric},
  booktitle={Artificial Intelligence and Statistics},
  pages={660--668},
  year={2014}
}

@inproceedings{rasmussen2000infinite,
  title={The infinite {G}aussian mixture model},
  author={Rasmussen, Carl Edward},
  booktitle={Advances in neural information processing systems},
  pages={554--560},
  year={2000}
}

@inproceedings{kemp2006learning,
  title={Learning systems of concepts with an infinite relational model},
  author={Kemp, Charles and Tenenbaum, Joshua B and Griffiths, Thomas L and Yamada, Takeshi and Ueda, Naonori},
  year={2006}
}

@article{blei2003latent,
  title={Latent dirichlet allocation},
  author={Blei, David M and Ng, Andrew Y and Jordan, Michael I},
  journal={Journal of machine Learning research},
  volume={3},
  number={Jan},
  pages={993--1022},
  year={2003}
}

@inproceedings{ghahramani1996factorial,
  title={Factorial hidden Markov models},
  author={Ghahramani, Zoubin and Jordan, Michael I},
  booktitle={Advances in Neural Information Processing Systems},
  pages={472--478},
  year={1996}
}

@article{juang1991hidden,
  title={Hidden Markov models for speech recognition},
  author={Juang, Biing Hwang and Rabiner, Laurence R},
  journal={Technometrics},
  volume={33},
  number={3},
  pages={251--272},
  year={1991},
  publisher={Taylor \& Francis}
}

@article{chater2006probabilistic,
  title={Probabilistic models of language processing and acquisition},
  author={Chater, Nick and Manning, Christopher D},
  journal={Trends in cognitive sciences},
  volume={10},
  number={7},
  pages={335--344},
  year={2006},
  publisher={Elsevier}
}

@inproceedings{fei2003bayesian,
  title={A Bayesian approach to unsupervised one-shot learning of object categories},
  author={Fei-Fei, Li and Fergus, Rob and Perona, Pietro},
  booktitle={Computer Vision, 2003. Proceedings. Ninth IEEE International Conference on},
  pages={1134--1141},
  year={2003},
  organization={IEEE}
}

@inproceedings{kemp2006learningoverhypotheses,
  title={Learning overhypotheses},
  author={Kemp, Charles and Perfors, Amy and Tenenbaum, J},
  year={2006},
  organization={Cognitive Science Society}
}

@inproceedings{gu2016muprop,
  title={MuProp: Unbiased backpropagation for stochastic neural networks},
  author={Gu, Shixiang and Levine, Sergey and Sutskever, Ilya and Mnih, Andriy},
  booktitle    = {International Conference on Learning Representations},
  year         = 2016
}

@article{owen2000safe,
  title={Safe and effective importance sampling},
  author={Owen, Art and Zhou, Yi},
  journal={Journal of the American Statistical Association},
  volume={95},
  number={449},
  pages={135--143},
  year={2000},
  publisher={Taylor \& Francis Group}
}

@article{hesterberg1995weighted,
  title={Weighted average importance sampling and defensive mixture distributions},
  author={Hesterberg, Tim},
  journal={Technometrics},
  volume={37},
  number={2},
  pages={185--194},
  year={1995},
  publisher={Taylor \& Francis}
}

@article{saul1996mean,
  title={Mean field theory for sigmoid belief networks},
  author={Saul, Lawrence K and Jaakkola, Tommi and Jordan, Michael I},
  journal={Journal of artificial intelligence research},
  volume={4},
  pages={61--76},
  year={1996}
}

@article{lake2018emergence,
  title={The Emergence of Organizing Structure in Conceptual Representation},
  author={Lake, Brenden M and Lawrence, Neil D and Tenenbaum, Joshua B},
  journal={Cognitive science},
  publisher={Wiley Online Library},
  year={2018}
}
@misc{tieleman2012rms,
    title={{Lecture 6.5---RmsProp: Divide the gradient by a running average of its recent magnitude}},
    author={Tieleman, T. and Hinton, G.},
    howpublished={COURSERA: Neural Networks for Machine Learning},
    year={2012}
}

@inproceedings{kingma2015adam,
    title={Adam: A Method for Stochastic Optimization},
    author={Kingma, Diederik P. and Ba, Jimmy},
    booktitle    = {International Conference on Learning Representations},
    year         = {2015}
}

@inproceedings{paige2016inference,
  title={Inference networks for sequential Monte Carlo in graphical models},
  author={Paige, Brooks and Wood, Frank},
  booktitle={International Conference on Machine Learning},
  pages={3040--3049},
  year={2016}
}

@article{robbins1951stochastic,
  title={A stochastic approximation method},
  author={Robbins, Herbert and Monro, Sutton},
  journal={The annals of mathematical statistics},
  pages={400--407},
  year={1951},
  publisher={JSTOR}
}

@article{neal1992connectionist,
  title={Connectionist learning of belief networks},
  author={Neal, Radford M},
  journal={Artificial intelligence},
  volume={56},
  number={1},
  pages={71--113},
  year={1992},
  publisher={Elsevier}
}

@article{graves2014neural,
  title={Neural {T}uring machines},
  author={Graves, Alex and Wayne, Greg and Danihelka, Ivo},
  journal={arXiv preprint arXiv:1410.5401},
  year={2014}
}

@inproceedings{sukhbaatar2015end,
  title={End-to-end memory networks},
  author={Sukhbaatar, Sainbayar and Weston, Jason and Fergus, Rob and others},
  booktitle={Advances in neural information processing systems},
  pages={2440--2448},
  year={2015}
}

@article{graves2016hybrid,
  title={Hybrid computing using a neural network with dynamic external memory},
  author={Graves, Alex and Wayne, Greg and Reynolds, Malcolm and Harley, Tim and Danihelka, Ivo and Grabska-Barwi{\'n}ska, Agnieszka and Colmenarejo, Sergio G{\'o}mez and Grefenstette, Edward and Ramalho, Tiago and Agapiou, John and others},
  journal={Nature},
  volume={538},
  number={7626},
  pages={471},
  year={2016},
  publisher={Nature Publishing Group}
}

@article{graves2016adaptive,
  title={Adaptive computation time for recurrent neural networks},
  author={Graves, Alex},
  journal={arXiv preprint arXiv:1603.08983},
  year={2016}
}

@inproceedings{xu2015show,
  title={Show, attend and tell: Neural image caption generation with visual attention},
  author={Xu, Kelvin and Ba, Jimmy and Kiros, Ryan and Cho, Kyunghyun and Courville, Aaron and Salakhudinov, Ruslan and Zemel, Rich and Bengio, Yoshua},
  booktitle={International Conference on Machine Learning},
  pages={2048--2057},
  year={2015}
}

@inproceedings{grefenstette2015learning,
  title={Learning to transduce with unbounded memory},
  author={Grefenstette, Edward and Hermann, Karl Moritz and Suleyman, Mustafa and Blunsom, Phil},
  booktitle={Advances in Neural Information Processing Systems},
  pages={1828--1836},
  year={2015}
}

@inproceedings{rolfe2016dvae,
	title={Discrete Variational Autoencoders},
	author={Jason Tyler Rolfe},
	booktitle={International Conference on Learning Representations},
	year={2017}
}

@inproceedings{vahdat2018dvaepp,
	title={DVAE++: Discrete Variational Autoencoders with Overlapping Transformations},
	author={Arash Vahdat and William G. Macready and Zhengbing Bian and Amir Khoshaman},
	booktitle={International Conference on Machine Learning},
	year={2018}
}

@inproceedings{vahdat2018dvaehash,
	title={DVAE\#: Discrete Variational Autoencoders with Relaxed Boltzmann Priors},
	author={Arash Vahdat and Evgeny Andriyash and William G. Macready},
	booktitle={Advances in Neural Information Processing Systems},
	year={2018}
}

@techreport{minka2005divergence,
  title = {Divergence measures and message passing},
  author = {Minka, Tom},
  year = {2005},
  institution = {Technical report, Microsoft Research}
}

@article{chatterjee2018sample,
  title={The sample size required in importance sampling},
  author={Chatterjee, Sourav and Diaconis, Persi and others},
  journal={The Annals of Applied Probability},
  volume={28},
  number={2},
  pages={1099--1135},
  year={2018},
  publisher={Institute of Mathematical Statistics}
}

@book{owen2013monte,
   author = {Art B. Owen},
   year = 2013,
   title = {{Monte Carlo} theory, methods and examples}
}

@article{chen2018stochastic,
  title={Stochastic gradient descent with biased but consistent gradient estimators},
  author={Chen, Jie and Luss, Ronny},
  journal={arXiv preprint arXiv:1807.11880},
  year={2018}
}

@book{manning1999foundations,
  title={Foundations of statistical natural language processing},
  author={Manning, Christopher D and Manning, Christopher D and Sch{\"u}tze, Hinrich},
  year={1999},
  publisher={MIT press}
}

@book{sisson2018handbook,
  title={Handbook of Approximate Bayesian Computation},
  author={Sisson, Scott A and Fan, Yanan and Beaumont, Mark},
  year={2018},
  publisher={Chapman and Hall/CRC}
}

@incollection{oord2017neural,
  title        = {Neural Discrete Representation Learning},
  author       = {van den Oord, Aaron and Vinyals, Oriol and kavukcuoglu, koray},
  booktitle    = {Advances in Neural Information Processing Systems 30},
  editor       = {I. Guyon and U. V. Luxburg and S. Bengio and H. Wallach and R. Fergus and S. Vishwanathan and R.
                  Garnett},
  pages        = {6306--6315},
  year         = 2017,
  publisher    = {Curran Associates, Inc.}
}

@inproceedings{tucker2019doubly,
  title        = {Doubly Reparameterized Gradient Estimators for Monte Carlo Objectives},
  author       = {Tucker, George and Lawson, Dieterich and Gu, Shixiang and Maddison, Chris J.},
  booktitle    = {International Conference on Learning Representations},
  year         = 2019
}

@article{lari1990estimation,
  title={The estimation of stochastic context-free grammars using the inside-outside algorithm},
  author={Lari, Karim and Young, Steve J},
  journal={Computer speech \& language},
  volume={4},
  number={1},
  pages={35--56},
  year={1990},
  publisher={Elsevier}
}

@article{earley1970efficient,
  title={An efficient context-free parsing algorithm},
  author={Earley, Jay},
  journal={Communications of the ACM},
  volume={13},
  number={2},
  pages={94--102},
  year={1970},
  publisher={ACM}
}

@article{booth1973applying,
  title={Applying probability measures to abstract languages},
  author={Booth, Taylor L and Thompson, Richard A},
  journal={IEEE transactions on Computers},
  volume={100},
  number={5},
  pages={442--450},
  year={1973},
  publisher={IEEE}
}

@inproceedings{chen2014fast,
  title={A fast and accurate dependency parser using neural networks},
  author={Chen, Danqi and Manning, Christopher},
  booktitle={Proceedings of the 2014 conference on empirical methods in natural language processing (EMNLP)},
  pages={740--750},
  year={2014}
}

@article{tai2015improved,
  title={Improved semantic representations from tree-structured long short-term memory networks},
  author={Tai, Kai Sheng and Socher, Richard and Manning, Christopher D},
  journal={arXiv preprint arXiv:1503.00075},
  year={2015}
}

@inproceedings{neural2017neural,
  title={Neural Scene De-rendering},
  author={Wu, Jiajun and Tenenbaum, Joshua B and Kohli, Pushmeet},
  booktitle={IEEE Conference on Computer Vision and Pattern Recognition (CVPR)},
  year={2017}
}

@article{younger1967recognition,
  title={Recognition and parsing of context-free languages in time n3},
  author={Younger, Daniel H},
  journal={Information and control},
  volume={10},
  number={2},
  pages={189--208},
  year={1967},
  publisher={Elsevier}
}

@article{dempster1977maximum,
  title={Maximum likelihood from incomplete data via the EM algorithm},
  author={Dempster, Arthur P and Laird, Nan M and Rubin, Donald B},
  journal={Journal of the Royal Statistical Society: Series B (Methodological)},
  volume={39},
  number={1},
  pages={1--22},
  year={1977},
  publisher={Wiley Online Library}
}

@inproceedings{klein2003parsing,
  title={A parsing: fast exact Viterbi parse selection},
  author={Klein, Dan and Manning, Christopher D},
  booktitle={Proceedings of the 2003 Conference of the North American Chapter of the Association for Computational Linguistics on Human Language Technology-Volume 1},
  pages={40--47},
  year={2003},
  organization={Association for Computational Linguistics}
}

@inproceedings{kosiorek2018sequential,
	title={Sequential Attend, Infer, Repeat: Generative Modelling of Moving Objects},
	author={Adam R. Kosiorek and Hyunjik Kim and Ingmar Posner and Yee Whye Teh},
	booktitle={Advances in Neural Information Processing Systems},
	year={2018}
}

@inproceedings{schulman2015gradient,
  title	       = {Gradient Estimation Using Stochastic Computation
                  Graphs},
  author       = {Schulman, John and Heess, Nicolas and Weber,
                  Theophane and Abbeel, Pieter},
  booktitle    = {Advances in Neural Information Processing Systems},
  pages	       = {3510--3522},
  year	       = 2015
}

@inproceedings{goodman2008church,
  title	       = {Church: A language for generative models},
  author       = {Goodman, ND and Mansinghka, VK and Roy, D and
                  Bonawitz, K and Tenenbaum, JB},
  booktitle    = {Uncertainty in Artificial Intelligence},
  pages	       = {220--229},
  year	       = 2008
}

@inproceedings{wood2014new,
  title	       = {A New Approach to Probabilistic Programming
                  Inference},
  author       = {Wood, Frank and van de Meent, Jan Willem and
                  Mansinghka, Vikash},
  booktitle    = {Artificial Intelligence and Statistics},
  pages	       = {1024--1032},
  year	       = 2014
}

@article{mansinghka2014venture,
  title	       = {Venture: a higher-order probabilistic programming
                  platform with programmable inference},
  author       = {Mansinghka, Vikash and Selsam, Daniel and Perov,
                  Yura},
  journal      = {arXiv preprint arXiv:1404.0099},
  year	       = 2014
}

@inproceedings{siddharth2017learning,
  title	       = {Learning Disentangled Representations with Semi-Supervised Deep Generative Models},
  author       = {N. Siddharth and Brooks Paige and Jan-Willem van de Meent and Alban Desmaison and Noah D. Goodman and Pushmeet Kohli and Frank Wood and Philip H.~S. Torr},
  booktitle    = {Advances in Neural Information Processing Systems ({NIPS})},
  editor       = {I. Guyon and U. V. Luxburg and S. Bengio and H. Wallach and R. Fergus and S. Vishwanathan and R. Garnett},
  pages	       = {5927--5937},
  month	       = dec,
  year	       = 2017,
  publisher    = {Curran Associates, Inc.}
}


@article{bingham2019pyro,
  title={Pyro: Deep universal probabilistic programming},
  author={Bingham, Eli and Chen, Jonathan P and Jankowiak, Martin and Obermeyer, Fritz and Pradhan, Neeraj and Karaletsos, Theofanis and Singh, Rohit and Szerlip, Paul and Horsfall, Paul and Goodman, Noah D},
  journal={The Journal of Machine Learning Research},
  volume={20},
  number={1},
  pages={973--978},
  year={2019},
  publisher={JMLR.org}
}

@inproceedings{tran2017deep,
  author       = {Dustin Tran and Matthew D. Hoffman and Rif A. Saurous and Eugene Brevdo and Kevin Murphy and David M.
                  Blei},
  title        = {Deep probabilistic programming},
  booktitle    = {International Conference on Learning Representations},
  year         = 2017
}

@article{vandemeent2018intro,
  author       = {{van de Meent}, Jan-Willem and {Paige}, Brooks and {Yang}, Hongseok and {Wood}, Frank},
  title        = "{An Introduction to Probabilistic Programming}",
  journal      = {arXiv e-prints},
  year         = 2018,
  month        = "Sep",
  eid          = {arXiv:1809.10756},
  archivePrefix= {arXiv},
  eprint       = {1809.10756},
  primaryClass = {stat.ML}
}
